@ARTICLE{Grav2011,
   author = {{Grav}, T. and {Jedicke}, R. and {Denneau}, L. and {Chesley}, S. and 
	{Holman}, M.~J. and {Spahr}, T.~B.},
    title = "{The Pan-STARRS Synthetic Solar System Model: A Tool for Testing and Efficiency Determination of the Moving Object Processing System}",
  journal = {\pasp},
 keywords = {Solar System},
     year = 2011,
    month = apr,
   volume = 123,
    pages = {423-447},
      doi = {10.1086/659833},
   adsurl = {http://adsabs.harvard.edu/abs/2011PASP..123..423G},
  adsnote = {Provided by the SAO/NASA Astrophysics Data System}
}


@ARTICLE{Kubica2007,
   author = {{Kubica}, J. and {Denneau}, L. and {Grav}, T. and {Heasley}, J. and 
	{Jedicke}, R. and {Masiero}, J. and {Milani}, A. and {Moore}, A. and 
	{Tholen}, D. and {Wainscoat}, R.~J.},
    title = "{Efficient intra- and inter-night linking of asteroid detections using kd-trees}",
  journal = {\icarus},
   eprint = {arXiv:astro-ph/0703475},
     year = 2007,
    month = jul,
   volume = 189,
    pages = {151-168},
      doi = {10.1016/j.icarus.2007.01.008},
   adsurl = {http://adsabs.harvard.edu/abs/2007Icar..189..151K},
  adsnote = {Provided by the SAO/NASA Astrophysics Data System}
}


@INPROCEEDINGS{Milani2006,
   author = {{Milani}, A. and {Gronchi}, G.~F. and {Kne{\v z}evic}, Z. and 
	{Sansaturio}, M.~E. and {Arratia}, O. and {Denneau}, L. and 
	{Grav}, T. and {Heasley}, J. and {Jedicke}, R. and {Kubica}, J.
	},
    title = "{Unbiased orbit determination for the next generation asteroid/comet surveys}",
booktitle = {Asteroids, Comets, Meteors},
     year = 2006,
   series = {IAU Symposium},
   volume = 229,
   editor = "{L.~Daniela, M.~Sylvio Ferraz, \& F.~J.~Angel}",
    pages = {367-380},
      doi = {10.1017/S174392130500685X},
   adsurl = {http://adsabs.harvard.edu/abs/2006IAUS..229..367M},
  adsnote = {Provided by the SAO/NASA Astrophysics Data System}
}


@ARTICLE{OpenOrb2009,
   author = {{Granvik}, M. and {Virtanen}, J. and {Oszkiewicz}, D. and {Muinonen}, K.
	},
    title = "{OpenOrb: Open-source asteroid orbit computation software including statistical ranging}",
  journal = {Meteoritics and Planetary Science},
 keywords = {Asteroid, Kuiper belt, Orbit(s), Transneptunian},
     year = 2009,
    month = jan,
   volume = 44,
    pages = {1853-1861},
      doi = {10.1111/j.1945-5100.2009.tb01994.x},
   adsurl = {http://adsabs.harvard.edu/abs/2009M%26PS...44.1853G},
  adsnote = {Provided by the SAO/NASA Astrophysics Data System}
}


@ARTICLE{2009Icar..203..472V,
   author = {{Vere{\v s}}, P. and {Jedicke}, R. and {Wainscoat}, R. and {Granvik}, M. and 
	{Chesley}, S. and {Abe}, S. and {Denneau}, L. and {Grav}, T.
	},
    title = "{Detection of Earth-impacting asteroids with the next generation all-sky surveys}",
  journal = {\icarus},
archivePrefix = "arXiv",
   eprint = {0905.3685},
 primaryClass = "astro-ph.EP",
     year = 2009,
    month = oct,
   volume = 203,
    pages = {472-485},
      doi = {10.1016/j.icarus.2009.05.010},
   adsurl = {http://adsabs.harvard.edu/abs/2009Icar..203..472V},
  adsnote = {Provided by the SAO/NASA Astrophysics Data System}
}

@INPROCEEDINGS{PSinner2010,
   author = {{Wainscoat}, R.~J. and {Jedicke}, R. and {Denneau}, L. and {Granvik}, M. and 
	{Kleyna}, J. and {PS1SC ISS Team}},
    title = "{First Inner Solar System Results From The Pan-STARRS 1 Telescope}",
booktitle = {AAS/Division for Planetary Sciences Meeting Abstracts \#42},
     year = 2010,
   series = {Bulletin of the American Astronomical Society},
   volume = 42,
    month = oct,
    pages = {1085-+},
   adsurl = {http://adsabs.harvard.edu/abs/2010DPS....42.6001W},
  adsnote = {Provided by the SAO/NASA Astrophysics Data System}
}

@INPROCEEDINGS{PS1outerpipeline,
   author = {{Holman}, M.~J. and {Protopapas}, P. and {Chen}, Y. and {Lin}, H. and 
	{Grav}, T. and {Ragozzine}, D. and {Science Consortium}, P.-S.-1
	},
    title = "{The Pan-STARRS-1 Outer Solar System Pipeline}",
booktitle = {American Astronomical Society Meeting Abstracts \#217},
     year = 2011,
   series = {Bulletin of the American Astronomical Society},
   volume = 43,
    month = jan,
    pages = {#435.02-+},
   adsurl = {http://adsabs.harvard.edu/abs/2011AAS...21743502H},
  adsnote = {Provided by the SAO/NASA Astrophysics Data System}
}